@inproceedings{Yi:2015:SFC:2757384.2757397,
 author = {Yi, Shanhe and Li, Cheng and Li, Qun},
 title = {A Survey of Fog Computing: Concepts, Applications and Issues},
 booktitle = {Proceedings of the 2015 Workshop on Mobile Big Data},
 series = {Mobidata '15},
 year = {2015},
 isbn = {978-1-4503-3524-9},
 location = {Hangzhou, China},
 pages = {37--42},
 numpages = {6},
 url = {http://doi.acm.org/10.1145/2757384.2757397},
 doi = {10.1145/2757384.2757397},
 acmid = {2757397},
 publisher = {ACM},
 address = {New York, NY, USA},
 keywords = {cloud computing, edge computing, fog computing, mobile cloud computing, mobile edge computing, review},
} 


@inproceedings{Bonomi:2012:FCR:2342509.2342513,
 author = {Bonomi, Flavio and Milito, Rodolfo and Zhu, Jiang and Addepalli, Sateesh},
 title = {Fog Computing and Its Role in the Internet of Things},
 booktitle = {Proceedings of the First Edition of the MCC Workshop on Mobile Cloud Computing},
 series = {MCC '12},
 year = {2012},
 isbn = {978-1-4503-1519-7},
 location = {Helsinki, Finland},
 pages = {13--16},
 numpages = {4},
 url = {http://doi.acm.org/10.1145/2342509.2342513},
 doi = {10.1145/2342509.2342513},
 acmid = {2342513},
 publisher = {ACM},
 address = {New York, NY, USA},
 keywords = {analytics, cloud computing, fog computing, iot, real time systems, software defined networks, wsan},
} 


@INPROCEEDINGS{7868354, 
author={S. Tayeb and S. Latifi and Y. Kim}, 
booktitle={2017 IEEE 7th Annual Computing and Communication Workshop and Conference (CCWC)}, 
title={A survey on IoT communication and computation frameworks: An industrial perspective}, 
year={2017}, 
pages={1-6}, 
keywords={Internet of Things;cloud computing;embedded systems;Internet of Things;IoT communication frameworks;IoT computation frameworks;IoT sensor networks;cloud computing;embedded systems;fog computing;high-level conceptual layered architecture;Cloud Computing;Embedded Systems;Fog Computing;IPv6;Smart Objects}, 
doi={10.1109/CCWC.2017.7868354}, 
month={Jan},}


@INPROCEEDINGS{7134091, 
author={M. Aazam and E. N. Huh}, 
booktitle={2015 IEEE International Conference on Pervasive Computing and Communication Workshops (PerCom Workshops)}, 
title={E-HAMC: Leveraging Fog computing for emergency alert service}, 
year={2015}, 
pages={518-523}, 
keywords={Internet of Things;cloud computing;emergency management;mobile computing;E-HAMC;Emergency Help Alert Mobile Cloud;IoT;cloud resources;emergency alert service architecture;emergency related information;fog computing;latency sensitive services;offloading;smart phone based service;Accidents;Cloud computing;Delays;Emergency services;Mobile communication;Synchronization;Vehicles;Edge Computing;Fog computing;M2M;Micro Data Center (MDC);emergency alert;mobile cloud computing}, 
doi={10.1109/PERCOMW.2015.7134091}, 
month={March},}

@INPROCEEDINGS{7423332, 
author={W. Lee and K. Nam and H. G. Roh and S. H. Kim}, 
booktitle={2016 18th International Conference on Advanced Communication Technology (ICACT)}, 
title={A gateway based fog computing architecture for wireless sensors and actuator networks}, 
year={2016}, 
pages={210-213}, 
keywords={Internet of Things;actuators;internetworking;network servers;wireless sensor networks;Internet of Things services;WSAN;fog computing architecture;health;intelligent building;logistics;master nodes;security;slave nodes;virtual gateway functions;wireless sensors and actuators networks;Computer architecture;Intelligent sensors;Logic gates;Virtualization;Wireless communication;Wireless sensor networks;Fog Computing;Gateways;Internet of Things;Virtual Functions;Wireless Sensors and Actuators Networks}, 
doi={10.1109/ICACT.2016.7423332}, 
month={Jan},}