@inproceedings{troubleshoot,
 author = {Collares, Leandro and Matthews, Chris and Cappos, Justin and Coady, Yvonne and McGeer, Rick},
 title = {Et (smart) phone home!},
 booktitle = {Proceedings of the compilation of the co-located workshops on DSM'11, TMC'11, AGERE!'11, AOOPES'11, NEAT'11, VMIL'11},
 series = {SPLASH '11 Workshops},
 year = {2011},
 isbn = {978-1-4503-1183-0},
 location = {Portland, Oregon, USA},
 pages = {283--288},
 numpages = {6},
 url = {http://doi.acm.org/10.1145/2095050.2095098},
 doi = {10.1145/2095050.2095098},
 acmid = {2095098},
 publisher = {ACM},
 address = {New York, NY, USA},
 keywords = {distributed systems, human-computer interaction, network troubleshooting, sandbox environments, smartphones},
} 

@inproceedings{Cappos2009,
title={Seattle: A Platform for Educational Cloud Computing},
author={J. Cappos and I. Beschastnikh and A. Krishnamurthy and T. Anderson},
booktitle={The 40th Technical Symposium of the ACM Special Interest Group for Computer Science Education (SIGCSE '09)},
year={2009}
}


@inproceedings{RepySandbox,
title={Retaining Sandbox Containment Despite Bugs in Privileged Memory-Safe Code},
author={J. Cappos and A. Dadgar and  J. Rasley and  J. Samuel and I. Beschastnikh and  C. Barsan and A. Krishnamurthy and T. Anderson},
booktitle={The 17th ACM Conference on Computer and Communications Security (CCS '10)},
year={2010}
}


@inproceedings{li2015fence,
  title={Fence: protecting device availability with uniform resource control},
  author={Li, Tao and Rafetseder, Albert and Fonseca, Rodrigo and Cappos, Justin},
  booktitle={Proceedings of the 2015 USENIX Conference on Usenix Annual Technical Conference},
  pages={177--191},
  year={2015},
  organization={USENIX Association}
}


@TechReport{zhuangTR13,
   Author       = "Zhuang, Yanyan and Beschastnikh, Ivan and Cappos, Justin",
   Title        = "{NetCheck Test Cases: Input Traces and NetCheck Output}",
   Institution  = "NYU Poly",
   Number       = "TR--CSE--2013--03",
   Month        = SEPTEMBER,
   Year         = 2013
}


@article{rafetseder2013sensorium,
          title={Sensorium--A Generic Sensor Framework},
          author={Rafetseder, Albert and Metzger, Florian and P{\"u}hringer, Lukas and Tutschku, Kurt and Zhuang, Yanyan and Cappos, Justin},
          journal={Praxis der Informationsverarbeitung und Kommunikation},
          volume={36},
          number={1},
          pages={46--46},
          year={2013}
}



@inproceedings{zhuang2014sensibility,
  title={Sensibility testbed: An internet-wide cloud platform for programmable exploration of mobile devices},
  author={Zhuang, Yanyan and Law, Leonard and Rafetseder, Albert and Wang, Lai and Beschastnikh, Ivan and Cappos, Justin},
  booktitle={Computer Communications Workshops (INFOCOM WKSHPS), 2014 IEEE Conference on},
  pages={139--140},
  year={2014},
  organization={IEEE}
}



@article{muller2014tomato,
  title={Tomato a virtual research environment for large scale distributed systems research},
  author={M{\"u}ller, Paul and Schwerdel, Dennis and Cappos, Justin},
  journal={PIK-Praxis der Informationsverarbeitung und Kommunikation},
  volume={37},
  number={1},
  pages={23--32},
  year={2014}
}



@inproceedings{cappos2005hard,
  title={Why it is hard to build a long-running service on PlanetLab},
  author={Cappos, Justin and Hartman, John},
  booktitle={Proc. Workshop on Real, Large Distributed Systems (WORLDS), San Francisco, CA},
  year={2005}
}


@article{Wallace_CCSC_2011,
 author = {Wallace, Scott A. and Muhammad, Monzur and Mache, Jens and Cappos, Justin},
 title = {Hands-on internet with Seattle and computers from across the globe},
 journal = {J. Comput. Sci. Coll.},
 issue_date = {October 2011},
 volume = {27},
 number = {1},
 month = oct,
 year = {2011},
 issn = {1937-4771},
 pages = {137--142},
 numpages = {6},
 url = {http://dl.acm.org/citation.cfm?id=2037151.2037181},
 acmid = {2037181},
 publisher = {Consortium for Computing Sciences in Colleges},
 address = {USA},
}


@article{Cappos_CCSCCP_2010,
 author = {Cappos, Justin and Beschastnikh, Ivan},
 title = {Teaching networking and distributed systems with Seattle: tutorial presentation},
 journal = {J. Comput. Sci. Coll.},
 issue_date = {May 2010},
 volume = {25},
 number = {5},
 month = may,
 year = {2010},
 issn = {1937-4771},
 pages = {308--310},
 numpages = {3},
 url = {http://dl.acm.org/citation.cfm?id=1747137.1747196},
 acmid = {1747196},
 publisher = {Consortium for Computing Sciences in Colleges-Central Plains},
 address = {USA},
} 


@article{Cappos_CCSCNW_2009,
 author = {Cappos, Justin and Beschastnikh, Ivan},
 title = {Teaching networking and distributed systems with Seattle},
 journal = {J. Comput. Sci. Coll.},
 issue_date = {October 2009},
 volume = {25},
 number = {1},
 month = oct,
 year = {2009},
 issn = {1937-4771},
 pages = {173--174},
 numpages = {2},
 url = {http://dl.acm.org/citation.cfm?id=1619221.1619257},
 acmid = {1619257},
 publisher = {Consortium for Computing Sciences in Colleges-NorthWest},
 address = {USA},
}


@article{Cappos_SIGCSE_2014,
 author = {Cappos, Justin and Weiss, Richard},
 title = "{Teaching the security mindset with reference monitors}",
 journal = {SIGCSE Bull.},
 volume = {45},
 number = {1},
 year = {2014},
 publisher = {ACM}
}


@ARTICLE{Eisl1010:Service,
AUTHOR="Jochen Eisl and Albert Rafetseder and Kurt Tutschku",
TITLE="Service Architectures for the Future Converged Internet: Specific
challenges and possible solutions for mobile broad-band traffic management",
JOURNAL="Advances in Next Generation Services and Service Architectures",
ADDRESS=", USA",
DAYS=15,
MONTH=oct,
YEAR=2010
}

@INPROCEEDINGS{Tuts1010:Sustained,
AUTHOR="Kurt Tutschku and Albert Rafetseder and Jochen Eisl and Werner Wiedermann",
TITLE="Towards Sustained Multi Media Experience in the Future Mobile Internet",
BOOKTITLE="2010 14th International Conference on Intelligence in Next Generation
Networks (ICIN)",
ADDRESS="Berlin, Germany",
DAYS=11,
MONTH=oct,
YEAR=2010,
KEYWORDS="Future Internet; Mobile; Services; LTE"
}


@inproceedings{collares2011smart,
  title={Et (smart) phone home!},
  author={Collares, L. and Matthews, C. and Cappos, J. and Coady, Y. and McGeer, R.},
  booktitle={Proceedings of the compilation of the co-located workshops on DSM'11, TMC'11, AGERE!'11, AOOPES'11, NEAT'11, \& VMIL'11},
  pages={283--288},
  year={2011},
  organization={ACM}
}


@inproceedings{metzger2011analysis,
  title={Analysis of web-based video delivery},
  author={Metzger, Florian and Rafetseder, Albert and Stezenbach, David and Tutschku, Kurt},
  booktitle={FITCE Congress (FITCE), 2011 50th},
  pages={1--6},
  year={2011},
  organization={IEEE}
}


@article{zhuang2015privacy,
  title={Privacy-preserving Experimentation with Sensibility Testbed},
  author={Zhuang, Yanyan and Rafetseder, Albert and Cappos, Justin},
  journal={;login:: the magazine of USENIX},
  volume={40},
  number={4},
  pages={18--21},
  year={2015},
  publisher={USENIX Association}
}


@inproceedings{issre-checkapi,
  title={Detecting Latent Cross-Platform API Violations},
  author={Rasley, Jeff and Gessiou, Eleni and Ohmann, Tony and Brun, Yuriy and Krishnamurthi, Shriram and Cappos, Justin},
  booktitle={Software Reliability Engineering (ISSRE), 2015 IEEE 26th International Symposium on},
  year={2015},
  organization={IEEE}
}


@inproceedings{Hooshangi_SIGCSE_2015,
  title={Can the Security Mindset Make Students Better Testers?},
  author={Hooshangi, Sara and Weiss, Richard and Cappos, Justin},
  booktitle={Proceedings of the 46th ACM Technical Symposium on Computer Science Education},
  pages={404--409},
  year={2015},
  organization={ACM}
}


@inproceedings{cappos2014blursense,
  title={BlurSense: Dynamic Fine-Grained Access Control for Smartphone Privacy},
  author={Cappos, Justin and Wang, Lai and Weiss, Richard and Yang, Yi and Zhuang, Yanyan},
  booktitle={Sensors Applications Symposium (SAS)},
  year={2014},
  organization={IEEE}
}
