@inproceedings{chard2010social,
  title={Social cloud: Cloud computing in social networks},
  author={Chard, Kyle and Caton, Simon and Rana, Omer and Bubendorfer, Kris},
  booktitle={Cloud Computing (CLOUD), 2010 IEEE 3rd International Conference on},
  pages={99--106},
  year={2010},
  organization={IEEE}
}


@inproceedings{caton2014social,
  title={A Social Compute Cloud: Allocating and Sharing Infrastructure Resources via Social Networks},
  author={Caton, Simon and Haas, Christian and Chard, Kyle and Bubendorfer, Kris and Rana, Omer},
  booktitle={IEEE Transactions on Services Computing},
  year={2014},
  organization={IEEE}
}


@ARTICLE{chard12ssc,
  author = {Chard, K. and Bubendorfer, K. and Caton, S. and Rana, O.F.},
  title = {Social Cloud Computing: A Vision for Socially Motivated Resource
	Sharing},
  journal = {Services Computing, IEEE Transactions on},
  year = {2012},
  volume = {5},
  pages = {551-563},
  number = {4},
  month = {Fourth},
  doi = {10.1109/TSC.2011.39},
  issn = {1939-1374},
  keywords = {cloud computing;security of data;social networking (online);storage
	management;Facebook;cloud environments;cloud-based framework;disincentives;economic
	protocols;heterogeneous resources;long term sharing;online relationships;privacy
	concerns;real world relationships;regulating sharing;security overheads;social
	cloud computing;social market place;social networks;social protocols;social
	storage cloud implementation;socially corrective mechanisms;socially
	motivated resource sharing;Cloud computing;Computational modeling;Facebook;Resource
	management;Social network services;Social Cloud;cloud computing;services
	computing;social networks}
}


@INPROCEEDINGS{haas13coop,
  author = {Haas, C. and Caton, S. and Chard, K. and Weinhardt, C.},
  title = {Co-operative Infrastructures: An Economic Model for Providing Infrastructures
	for Social Cloud Computing},
  booktitle = {System Sciences (HICSS), 2013 46th Hawaii International Conference
	on},
  year = {2013},
  pages = {729-738},
  month = {Jan},
  doi = {10.1109/HICSS.2013.147},
  issn = {1530-1605},
  keywords = {cloud computing;groupware;investment;social networking (online);capital-intensive
	investments;co-operative infrastructure model;computational infrastructure;formal
	economic model;model feasibility;model scalability;online collaboration
	paradigm;social cloud computing;socially oriented electronic platforms;Availability;Cloud
	computing;Computational modeling;Context;Economics;Resource management;Social
	network services}
}



@Misc{tomato,
  key =          "tomato",
  title =        "{ToMaTo Testbed}",
  note =         "{\url{http://tomato-lab.org/}}",
}



@Misc{blur,
  title =        "{Blur{S}ense}",
  note =         "\url{https://blursense.poly.edu/}",
}



@inproceedings{eittenberger2012doubtless,
  title={Doubtless in seattle: Exploring the internet delay space},
  author={Eittenberger, Philipp M and Gro{\ss}mann, Marcel and Krieger, Udo R},
  booktitle={Next Generation Internet (NGI), 2012 8th EURO-NGI Conference on},
  pages={149--155},
  year={2012},
  organization={IEEE}
}


@inproceedings{zhuang2012distributed,
  title={Distributed Systems in the Wild: The Theoretical Foundations and Experimental Perspectives},
  author={Zhuang, Yanyan and Tredger, Stephen and Matthews, Chris and McGeer, Rick and Coady, Yvonne},
  booktitle={P2P, Parallel, Grid, Cloud and Internet Computing (3PGCIC), 2012 Seventh International Conference on},
  pages={87--94},
  year={2012},
  organization={IEEE}
}


@inproceedings{zhuang2014taking,
  title={Taking a walk on the wild side: teaching cloud computing on distributed research testbeds},
  author={Zhuang, Yanyan and Matthews, Chris and Tredger, Stephen and Ness, Steven and Short-Gershman, Jesse and Ji, Li and Rebenich, Niko and French, Andrew and Erickson, Josh and Clarkson, Kyliah and others},
  booktitle={Proceedings of the 45th ACM technical symposium on Computer science education},
  pages={535--540},
  year={2014},
  organization={ACM}
}


@inproceedings{tredger2013building,
  title={Building Green Systems with Green Students: An Educational Experiment with GENI Infrastructure},
  author={Tredger, Stephen and Zhuang, Yanyan and Short-Gershman, Chris Matthews Jesse and Coady, Yvonne and McGeer, Rick},
  booktitle={Research and Educational Experiment Workshop (GREE), 2013 Second GENI},
  pages={29--36},
  year={2013},
  organization={IEEE}
}

